@article{Minera:01,
    author = {Jéssica Laísa Dias da Silva e Isabel Dillmann Nunes},
    title = {Mineração de Dados Educacionais como apoio para a
classificação de alunos do Ensino Médio},
    year = {2015},
    journal = {Anais do XXVI Simpósio Brasileiro de Informática na Educação},
    month = {November},
}

@article{J:48,
    author = {Gaganjot Kaur, Amit Chhabra},
    title = {Improved J48 Classification Algorithm for the
Prediction of Diabetes},
    year = {2014},
    journal = {International Journal of Computer Applications},
    month = {July},
}

@www{ZeroR:67,
    author = {Jones Granatyr},
    title = {Classificador ZeroR no Weka},
    url = {http://iaexpert.com.br/index.php/2016/12/29/classificador-zeror-no-weka/},
    year = {2016},
    urldate = {May de 2018},
    published = {IA Expert},
}

https://pt.sharelatex.com/project/5ac4409d033421206004120f
@www {Lucas:17,
  author = 	{Lucas Coelho},
  title = 	{Ciência de Dados: O que é, Conceito e Definição},
  year = {2017},
  published = {Cetax},
  url = {https://www.cetax.com.br/blog/data-science-ou-ciencia-de-dados/},
  urldate = {April de 2018}
}


@www {Organica:35,
    author = {Lorenzo Candiago},
    title = {Algoritmo de Classificação Naive Bayes},
    year = {2017},
    published = {Orgânica Digital},
    url = {https://www.organicadigital.com/seeds/algoritmo-de-classificacao-naive-bayes/},
    urldate = {May de 2018}
}

@article{Top:10,
    author = {Xindong Wu, Vipin Kumar, J. Ross Quinlan, Et al.},
    title = {Top 10 algorithms in data mining},
    year = {2007},
    journal = {Springer-Verlag London},
    month = {December},
}


@article {Dannielle:16,
  author = 	{Danielle Sandler dos Passos},
  title = 	{Big Data, Data Science e Seus Contributos para o Avanço no Uso da Open Source Intelligence},
  year = {2016},
  journal = {Sistemas & Gestão},
  volume ={11},
  pages: {392 - 396},
  doi = {10.20985/1980-5160},
  url = {http://www.revistasg.uff.br/index.php/sg/article/view/1026/524}
}

@www {SAS:,
  author = 	{Company SAS - Company Software and Analytics Business Services},
  title = 	{Machine Learning - O que é e qual sua importância?},
  year = {SI},
  published = {Site SAS},
  url = {https://www.sas.com/pt_br/insights/analytics/machine-learning.html},
  urldate = {April de 2018}
}

@www {Group:,
  author = 	{Group MovieLens},
  title = 	{MovieLens},
  year = {SI},
  published = {Site MovieLens},
  url = {https://grouplens.org/datasets/movielens/},
  urldate = {April de 2018}
}

@www {Everton:17,
  author = 	{Everton Gago},
  title =	{ Filtragem Colaborativa, Identificação de Usuário e Técnicas de UX para Recomendação de Conteúdo},
  year = {2017},
  published = {Site Detrax},
  url = {http://dextra.com.br/pt/blog/filtragem-colaborativa-identificacao-de-usuario-e-tecnicas-de-ux-para-recomendacao-de-conteudo/},
  urldate = {April de 2018}

}

@www {Organization:,
  author = 	{Organization Scikit Learn},
  title =	{scikit-learn - Aprendizado de Máquina em Python},
  year = {SI},
  published = {Site Organization Scikit Learn},
  url = {http://scikit-learn.org/stable/},
  urldate = {April de 2018}
}

@www {Data:,
  author = 	{Data Camp},
  title =	{Aprenda Ciência de Dados Online},
  year = {SI},
  published = {Site Data Camp},
  url = {https://www.datacamp.com/},
  urldate = {April de 2018}
}

@www {Analytics:,
  author = 	{Analytics Vidhya},
  title =	{Caminho de aprendizagem: seu mentor para se tornar um especialista em aprendizado de máquina},
  year = {SI},
  published = {Site Analytics Vidhya},
  url = {https://www.analyticsvidhya.com/learning-path-learn-machine-learning/},
  urldate = {April de 2018}
}

@www {Universidade:,
  author = 	{Universidade de Stanford},
  title =	{Aprendizagem Automática},
  year = {SI},
  published = {Site Coursera},
  url = {https://www.coursera.org/learn/machine-learning},
  urldate = {April de 2018}
}