%% Sites e Notícias 
 @misc{NCSI, 
    title={NCSI :: Ranking}, 
    url={https://ncsi.ega.ee/ncsi-index/?order=rank}, 
    journal={National Cyber Security Index}, 
    author={NCSI},
    year={2022},
    note={Acesso em 21/08/2022}
} 

@misc{TheHack, 
    title={Como a Renner reestabeleceu seus sistemas após infecção por ransomware}, 
    url={https://thehack.com.br/como-a-renner-reestabeleceu-seus-sistemas-apos-infeccao-por-ransomware/}, 
    journal={The Hack},
    publisher={The Hack},
    author={Petry, Guilherme},
    year={2021}, 
    month={Sep},
    note={Acesso em 21/08/2022}
 } 

 @misc{CheckPointResearch, 
    title={Cyber-Attacks Trends: 2022 Mid-Year}, 
    url={https://pages.checkpoint.com/cyber-attack-2022-trends.html}, 
    journal={Check Point Research},
    publisher={Check Point Research},
    author={{Check Point Research}},
    year={2022}, 
    note={Acesso em 21/08/2022}
 } 

 @misc{SecurityReport, 
    title={Brasil foi o 5º país com mais ataques cibernéticos em 2021}, 
    url={https://www.securityreport.com.br/overview/brasil-foi-o-5o-pais-com-mais-ataques-ciberneticos-em-2021/}, 
    journal={Security Report},
    publisher={Security Report},
    author={{Security Report}},
    year={2022}, 
    note={Acesso em 21/08/2022}
 } 

 @misc{NBCNews, 
    title={Major hospital system hit with cyberattack, potentially largest in U.S. history}, 
    url={https://www.nbcnews.com/tech/security/cyberattack-hits-major-u-s-hospital-system-n1241254}, 
    journal={NBC News},
    publisher={NBC News},
    author={{NBC News}},
    year={2020}, 
    month={Sep},
    day={28},
    note={Acesso em 21/08/2022}
 } 

 @misc{EthereumGas, 
    title={Gas and fees}, 
    url={https://ethereum.org/en/developers/docs/gas/}, 
    journal={Ethereum},
    publisher={Ethereum},
    author={{Ethereum}},
    year={2022}, 
    note={Acesso em 10/09/2022}
 } 

@misc{Bitquery,
  title = {Goerli Ethereum Testnet Gas Cost and usage and other analytics},
  url = {https://explorer.bitquery.io/goerli/gas},
  year={2023},
  author={{Bitquery}},
  note = {Acesso em 28/02/2023}
}

@misc{YCharts,
  title = {Ethereum Average Gas Price},
  url = {https://ycharts.com/indicators/ethereum-average-gas-price},
  year={2023},
  author={{YCharts}},
  note = {Acesso em 28/02/2023}
}

 @misc{kelly_2023, 
    title={Ethereum developers to let goerli testnet 'slowly die' as coin price soars}, 
    url={https://decrypt.co/122246/ethereum-developers-let-goerli-testnet-slowly-die-coin-price-soars}, 
    journal={Decrypt}, 
    publisher={Decrypt}, 
    author="Liam J. Kelly and Max Koopsen", 
    year={2023}, 
    month={Feb},
    note = {Acesso em 28/02/2023}
 } 

  @misc{porcelli_2023, 
    title={Ethereum developers want to suppress geth as the price in USD soars}, 
    url={https://en.cryptonomist.ch/2023/02/27/ethereum-testnet-up-usd-price-geth/},
    journal={The Cryptonomist},
    author={Porcelli, Andrea},
    year={2023}, 
    month={Feb},
    note = {Acesso em 29/02/2023}
    } 

 @misc{privacytech_2020, 
     title={Trilha de Auditoria - Finalidade, Importância e Melhores Práticas}, 
     url={https://privacytech.com.br/noticias/trilha-de-auditoria-finalidade-importancia-e-melhores-praticas,360850.jhtml}, 
     journal={Privacy Tech}, 
     author={{Privacy Tech}},
     year={2020}, 
     month={Jun},
     note = {Acesso em 29/02/2023}
 } 

  @misc{openapi_specification, 
  title={OpenAPI Specification - Version 3.0.3 | Swagger}, 
  url={https://swagger.io/specification/}, 
  journal={Swagger},
  author={{Swagger}},
  year={2023}, 
  note = {Acesso em 10/03/2023}
  } 

  @misc{analytics_insight, 
  title={Top 10 Cryptocurrencies with the Lowest Transaction Fees in 2023}, 
  url={https://www.analyticsinsight.net/top-10-cryptocurrencies-with-the-lowest-transaction-fees-in-2023/}, 
  journal={Analytics Insight},
  author={{Analytics Insight}},
  year={2023}, 
  note = {Acesso em 10/03/2023}
  } 

@misc{solana_compass, 
  title={Solana Fees + Burn Tracker}, 
  url={https://solanacompass.com/statistics/fees}, 
  journal={Solana Compass},
  author={{Solana Compass}},
  year={2023}, 
  note = {Acesso em 10/03/2023}
} 

@misc{pow_faucet, 
  title={Sepolia PoW Faucet}, 
  url={https://sepolia-faucet.pk910.de/}, 
  journal={PoW Faucet},
  author={{PoW Faucet}},
  year={2023}, 
  note = {Acesso em 05/02/2023}
} 





 

%% Livros
@BOOK{Antonopoulos2018-jt,
  title     = "Mastering Ethereum",
  author    = "Antonopoulos, Andreas and Wood, Gavin",
  publisher = "O'Reilly Media",
  month     =  dec,
  year      =  2018,
  address   = "Sebastopol, CA",
  isbn ={978-1-491-97194-9}
}

@BOOK{Stallings2015,
  title     = "Criptografia e segurança de redes: princípios e práticas",
  edition={{6ª edição}},
  author    = "William Stallings",
  publisher = "Pearson Education do Brasil",
  year      =  2015,
  address   = "São Paulo",
  isbn={978-85-430-1450-0}
}

@BOOK{Nakamura2016,
  title     = "Segurança da informação e de redes",
  author    = "Emílio Tissato Nakamura",
  publisher = "Editora e Distribuidora Educacional S.A",
  year      =  2016,
  address   = "Londrina",
  isbn={978-85-8482-594-3}
}

@BOOK{Tapscott2016,
  title     = "Blockchain revolution: como a tecnologia por trás do Bitcoin está mudando o dinheiro, os negócios e o mundo",
  author    = "Don Tapscott, Alex Tapscott",
  publisher = "SENAI-SP Editora",
  year      =  2016,
  address   = "São Paulo",
  isbn={978-85-8393-789-0}
}

@BOOK{Xu2019-qi,
  title     = "Architecture for Blockchain Applications",
  author    = "Xu, Xiwei and Weber, Ingo and Staples, Mark",
  publisher = "Springer Nature",
  edition   =  1,
  month     =  mar,
  year      =  2019,
  address   = "Cham, Switzerland",
  language  = "en",
  doi = {https://doi.org/10.1007/978-3-030-03035-3},
  isbn      = {978-3-030-03034-6}
}

@BOOK{Ejeke2022,
   author = {Patrick Ejeke},
   title = {WEB3: What Is Web3? Potential of Web 3.0 (Token Economy, Smart Contracts, DApps, NFTs, Blockchains, GameFi, DeFi, Decentralized Web, Binance, Metaverse Projects, Web3.0 Metaverse Crypto guide, Axie)},
   year = {2022},
}

@BOOK{Lantz2020-hl,
  title     = "Mastering blockchain",
  author    = "Lantz, Lorne and Cawrey, Daniel",
  publisher = "O'Reilly Media",
  month     =  nov,
  year      =  2020,
  address   = "Sebastopol, CA",
  isbn      = {978-1-492-05470-2}
}

@BOOK{Sipser2012-gl,
  title     = "Introduction to the theory of computation",
  author    = "Sipser, Michael",
  publisher = "Wadsworth Publishing",
  edition   =  3,
  month     =  jun,
  year      =  2012,
  address   = "Belmont, CA",
  isbn      = {978-1-133-18779-0}
}

@BOOK{Pressman2021-jj,
  title     = "Engenharia de software - 9.ed",
  author    = "Pressman, Roger S and Maxim, Bruce R",
  publisher = "McGraw Hill Brasil",
  month     =  jul,
  year      =  2021,
  language  = "pt",
  isbn      = {978-1-133-18779-0}
}

@BOOK{Karame2016-qb,
  title     = "Bitcoin and Blockchain Security",
  author    = "Karame, Ghassan",
  publisher = "Artech House",
  month     =  oct,
  year      =  2016,
  address   = "Norwood, MA",
  isbn      = {978-1-63081-013-9}
}

@BOOK{Sommerville2011,
  title     = "{ENGENHARIA} {DE} {SOFTWARE}",
  author    = "Sommerville, Ian",
  publisher = "Pearson Education do Brasil",
  year      = "2011",
  address   = "São Paulo",
  language  = "pt",
  isbn = {978-85-7936-108-1}
}

@BOOK{Sebesta2011,
  title     = "Conceitos de linguagens de programação",
  author    = "Sebesta, Robert W.",
  publisher = "Bookman Companhia Editora Ltda",
  year      = "2011",
  language  = "pt",
  isbn = {978-85-7780-862-5}
}

@BOOK{Jones2020-iq,
  title     = "Understanding programming languages",
  author    = "Jones, Cliff B",
  publisher = "Springer Nature",
  edition   =  1,
  month     =  nov,
  year      =  2020,
  address   = "Cham, Switzerland"
}

@BOOK{Borges2010,
  title     = "Python para Desenvolvedores",
  author    = "Borges, Luiz Eduardo",
  edition   =  2,
  year      =  2010,
  address   = "Rio de Janeiro",
  isbn      = {978-85-909451-1-6}
}

@BOOK{Grinberg2018-nz,
  title     = "Flask Web Development 2e",
  author    = "Grinberg, Miguel",
  publisher = "O'Reilly Media",
  month     =  mar,
  year      =  2018,
  address   = "Sebastopol, CA",
  language  = "en",
  isbn      = {978-1-491-99173-2}
}

@BOOK{Masse2011-cf,
  title     = "{REST} {API} Design Rulebook",
  author    = "Masse, Mark",
  publisher = "O'Reilly Media",
  month     =  nov,
  year      =  2011,
  address   = "Sebastopol, CA",
  language  = "en",
  isbn      = {9781449310509}
}

@BOOK{Dannen2017-eb,
  title     = "Introducing ethereum and solidity",
  author    = "Dannen, Chris",
  publisher = "APRESS",
  edition   =  1,
  month     =  mar,
  year      =  2017,
  address   = "New York, NY",
  language  = "en"
}

 @misc{eiki_2019, 
    title={Explaining ethereum contract abi &amp; EVM bytecode}, 
    url={https://medium.com/@eiki1212/explaining-ethereum-contract-abi-evm-bytecode-6afa6e917c3b}, 
    journal={Medium}, 
    publisher={Medium}, 
    author={Eiki}, 
    year={2019}, 
    month={Jul},
    note={Acesso em 03/01/2023}
    } 

@BOOK{Riedesel2021-aa,
  title     = "Software Telemetry: Reliable logging and monitoring",
  author    = "Riedesel, Jamie",
  publisher = "Manning Publications",
  month     =  aug,
  year      =  2021,
  address   = "New York, NY"
}

@book{Chuvakin2013-za,
  title     = "Logging and Log Management",
  author    = "Chuvakin, Anton and Schmidt, Kevin and Phillips, Chris",
  publisher = "Elsevier",
  year      =  2013
}

@BOOK{ODocherty2005-ob,
  title     = "Object-oriented analysis and design",
  author    = "O'Docherty, Mike",
  publisher = "John Wiley \& Sons",
  month     =  apr,
  year      =  2005,
  address   = "Chichester, England",
  language  = "en"
}

@BOOK{Miles2006-fo,
  title     = "Learning {UML} 2.0",
  author    = "Miles, Russell and Hamilton, Kim",
  publisher = "O'Reilly Media",
  month     =  may,
  year      =  2006,
  address   = "Sebastopol, CA",
  language  = "en"
}


@BOOK{Mohan2022-ch,
  title     = "Full stack testing",
  author    = "Mohan, Gayathri",
  publisher = "O'Reilly Media",
  month     =  jun,
  year      =  2022,
  address   = "Sebastopol, CA"
}



%% Artigos

@article{nakamoto2009bitcoin,
  author = {Satoshi Nakamoto},
  biburl = {https://www.bibsonomy.org/bibtex/2974d35fdb27dea57296ed2245556aa18/daniel_grm9},
  interhash = {423c2cdff70ba0cd0bca55ebb164d770},
  intrahash = {974d35fdb27dea57296ed2245556aa18},
  keywords = {itsecseminar},
  month = may,
  timestamp = {2022-06-15T13:43:05.000+0200},
  title = {Bitcoin: A Peer-to-Peer Electronic Cash System},
  url = {http://www.bitcoin.org/bitcoin.pdf},
  year = 2009
}

@Article{Buterin2013,
  Title                    = {Ethereum White Paper: A Next Generation Smart Contract \& Decentralized Application Platform},
  Author                   = {Vitalik Buterin},
  Year                     = {2013},
  Owner                    = {dranov},
  Timestamp                = {2016.11.12},
  Url                      = {https://github.com/ethereum/wiki/wiki/White-Paper}
}

@inproceedings{Miotto2019,
    title   = "DESENVOLVIMENTO DE UM COMPILADOR E UMA MÁQUINA VIRTUAL DE PYTHON PARA O AMBIENTE WEBALGO",
    author  = "Miotto, Felipe",
    year    = "2019",
    address = "Bento Gonçalvez"

}

@BOOK{Champlain2003-za,
  title     = "Auditing Information Systems",
  author    = "Champlain, Jack J",
  publisher = "John Wiley \& Sons",
  edition   =  2,
  month     =  feb,
  year      =  2003,
  address   = "Nashville, TN",
  language  = "en"
}

 @BOOK{Raj2015-ju,
  title     = "Learning Docker",
  author    = "Raj, Pethuru and Chelladhurai, Jeeva S and Singh, Vinod",
  publisher = "Packt Publishing",
  series    = "Community Experience Distilled",
  month     =  jun,
  year      =  2015,
  address   = "Birmingham, England",
  language  = "en"
}


@book{Guedes2018,
  title={UML 2-Uma abordagem pr{\'a}tica},
  author={Guedes, Gilleanes TA},
  year={2018},
  publisher={Novatec Editora}
}




@inproceedings{qrcode_ref,
author = {Dobo\v{s}, Jozef and Sons, Kristian and Rubinstein, Dmitri and Slusallek, Philipp and Steed, Anthony},
title = {XML3DRepo:  A REST API for Version Controlled 3D Assets on the Web},
year = {2013},
isbn = {9781450321334},
publisher = {Association for Computing Machinery},
address = {New York, NY, USA},
url = {https://doi.org/10.1145/2466533.2466537},
doi = {10.1145/2466533.2466537},
booktitle = {Proceedings of the 18th International Conference on 3D Web Technology},
pages = {47–55},
numpages = {9},
keywords = {3D repo, REST, revision control, CRUD, XML3D},
location = {San Sebastian, Spain},
series = {Web3D ’13}
}

@article{qrcode_ref2,
  title={QR code},
  author={Soon, Tan Jin},
  journal={Synthesis Journal},
  volume={2008},
  pages={59--78},
  year={2008}
}

@inproceedings{rest_ref,
  title={Recognition of QR Code with mobile phones},
  author={Liu, Yue and Yang, Ju and Liu, Mingjun},
  booktitle={2008 Chinese control and decision conference},
  pages={203--206},
  year={2008},
  organization={IEEE}
}

@book{api_ref,
  title={Strong authentication systems built on combinations of" what user
knows" authentication factors.s},
  author={MIZRAH, Len},
  year={7 de maio de 2003},
  publisher={" U.S. Patent Application n. 10/431,396"}
}

@book{react_native_ref,
  title={Learning react native: Building native mobile apps with JavaScript},
  author={Eisenman, Bonnie},
  year={2015},
  publisher={" O'Reilly Media, Inc."}
}

@book{react_native_ref2,
  title={React and React Native},
  author={Boduch, Adam},
  year={2017},
  publisher={Packt Publishing Ltd}
}

@inproceedings{react_native_ref3,
  title={JavaScript in mobile applications: React native vs ionic vs NativeScript vs native development},
  author={Brito, Hugo and Gomes, Anabela and Santos, {\'A}lvaro and Bernardino, Jorge},
  booktitle={2018 13th Iberian conference on information systems and technologies (CISTI)},
  pages={1--6},
  year={2018},
  organization={IEEE}
}

@book{norma,
  title={https://www.iso.org/isoiec-27001-information-security.html},
  author={ ISO 27001},
  year={2021}
}

@misc{cartoes,
  title={ Autenticação Integrada
Baseada em Serviço de Diretório LDAP},
  author={MACHADO, Erich Soares},
  year={2009},
  publisher={Ime-Usp}
}
@misc{cartoes2,
  title={Bacula: Ferramenta livre de backup},
  author={FARIA, Heitor Medrado},
  year={2014},
  publisher={Brasport}
}
@misc{cartoes3,
  title={BImplantando autenticação centralizada e segura usando
Openldap},
  author={SILVA, Alexandro},
  year={2010},
  publisher={Brasport}
}

@article{digital_transformation_ref,
  title={Digital transformation strategies},
  author={Matt, Christian and Hess, Thomas and Benlian, Alexander},
  journal={Business \& Information Systems Engineering},
  volume={57},
  number={5},
  pages={339--343},
  year={2015},
  publisher={Springer}
}

@book{postgresql_ref,
  title={Beginning databases with postgreSQL: From novice to professional},
  author={Stones, Richard and Matthew, Neil},
  year={2006},
  publisher={Apress}
}

@phdthesis{microservices_ref,
  title={Estudo comparativo entre arquiteturas monol{\'\i}ticas e de micro servi{\c{c}}os},
  author={Ribeiro, Bruno Rafael Costa},
  year={2017}
}

@inproceedings{elasticsearch_ref,
  title={Mining modern repositories with elasticsearch},
  author={Kononenko, Oleksii and Baysal, Olga and Holmes, Reid and Godfrey, Michael W},
  booktitle={Proceedings of the 11th working conference on mining software repositories},
  pages={328--331},
  year={2014}
}

@book{kibana_ref,
  title={Kibana essentials},
  author={Gupta, Yuvraj},
  year={2015},
  publisher={Packt Publishing Ltd}
}

