https://pt.sharelatex.com/project/5ac4409d033421206004120f
@www {SPAM:17,
  author = 	{Valdir Ribeiro Jr.},
  title = 	{97\% dos e-mails da internet são spams},
  year = {2017},
  published = {Estadão},
  url = {http://pme.estadao.com.br/noticias/pme,97-dos-e-mails-da-internet-sao-spams,70001746441,0.htm},
  urldate = {April de 2017}
}

@article{Minera:01,
    author = {Jéssica Laísa Dias da Silva e Isabel Dillmann Nunes},
    title = {Mineração de Dados Educacionais como apoio para a
classificação de alunos do Ensino Médio},
    year = {2015},
    journal = {Anais do XXVI Simpósio Brasileiro de Informática na Educação},
    month = {November},
}

@article{J:48,
    author = {Gaganjot Kaur, Amit Chhabra},
    title = {Improved J48 Classification Algorithm for the
Prediction of Diabetes},
    year = {2014},
    journal = {International Journal of Computer Applications},
    month = {July},
}

@www{ZeroR:67,
    author = {Jones Granatyr},
    title = {Classificador ZeroR no Weka},
    url = {http://iaexpert.com.br/index.php/2016/12/29/classificador-zeror-no-weka/},
    year = {2016},
    urldate = {May de 2018},
    published = {IA Expert},
}


@www {Organica:35,
    author = {Lorenzo Candiago},
    title = {Algoritmo de Classificação Naive Bayes},
    year = {2017},
    published = {Orgânica Digital},
    url = {https://www.organicadigital.com/seeds/algoritmo-de-classificacao-naive-bayes/},
    urldate = {May de 2018}
}

@article{Top:10,
    author = {Xindong Wu, Vipin Kumar, J. Ross Quinlan, Et al.},
    title = {Top 10 algorithms in data mining},
    year = {2007},
    journal = {Springer-Verlag London},
    month = {December},
}


@article {Dannielle:16,
  author = 	{Danielle Sandler dos Passos},
  title = 	{Big Data, Data Science e Seus Contributos para o Avanço no Uso da Open Source Intelligence},
  year = {2016},
  journal = {Sistemas & Gestão},
  volume ={11},
  pages: {392 - 396},
  doi = {10.20985/1980-5160},
  url = {http://www.revistasg.uff.br/index.php/sg/article/view/1026/524}
}

@www {SAS:,
  author = 	{Company SAS - Company Software and Analytics Business Services},
  title = 	{Machine Learning - O que é e qual sua importância?},
  year = {SI},
  published = {Site SAS},
  url = {https://www.sas.com/pt_br/insights/analytics/machine-learning.html},
  urldate = {April de 2018}
}
